% This file was created with JabRef 2.5.
% Encoding: Cp1252

@article{hovd2004brief,
	title={A brief introduction to Model Predictive Control},
	author={Hovd, Morten},
	journal={URL= http://www. itk. ntnu. no/fag/TTK4135/viktig/MPCkompendium\% 20HOvd. pdf},
	year={2004}
}
@article{goldfarb1983numerically,
	title={A numerically stable dual method for solving strictly convex quadratic programs},
	author={Goldfarb, Donald and Idnani, Ashok},
	journal={Mathematical programming},
	volume={27},
	number={1},
	pages={1--33},
	year={1983},
	publisher={Springer}
}
@book{allgower2012nonlinear,
	title={Nonlinear model predictive control},
	author={Allg{\"o}wer, Frank and Zheng, Alex},
	volume={26},
	year={2012},
	publisher={Birkh{\"a}user}
}